%%%%%%%%%%%%%%%%%%%%%%%%%%%%%%%%%%%%%%%%%%%%%%%%%%%%%%%%%%%%%%%%%%%%%%%%%%%%%%%
%% Descr:       Vorlage für Berichte der DHBW-Karlsruhe, BibTeX
%% Author:      Prof. Dr. Jürgen Vollmer, vollmer AT dhbw-karlsruhe.de
%% $Id: bericht.bib,v 1.10 2016/03/16 12:27:42 vollmer draft $
%% -*- coding: utf-8 -*-
%%%%%%%%%%%%%%%%%%%%%%%%%%%%%%%%%%%%%%%%%%%%%%%%%%%%%%%%%%%%%%%%%%%%%%%%%%%%%%%

%%%%
%%  declararion of abbreviations
%%%%
@STRING{addison		= "Addison-Wesley"}

%%%%%%%%%%%%%%%%%%%%%%%%%%%%%%%%%%%%%%%%%%%%%%%%%%%%%%%%%%%%%%%%%%%%%%%%%%%%%%%

@BOOK{knuth.1984a,
AUTHOR		= "Knuth, Donald E.",
TITLE		= "The \TeX{}book",
PUBLISHER	= addison,
YEAR		= 1984
}

@BOOK{lamport.1995a,
AUTHOR		= "Lamport, Leslie",
TITLE		= "Das \LaTeX\ Handbuch",
PUBLISHER	= addison,
YEAR		= 1995
}

%%%%%%%%%%%%%%%%%%%%%%%%%%%%%%%%%%%%%%%%%%%%%%%%%%%%%%%%%%%%%%%%%%%%%%%%%%%%%%%

% Referenzieren von URL's
@MISC{dante.2010a,
  AUTHOR	= "Dante",
  TITLE		= "Webseite der \emph{Deutschsprachige Anwendervereinigung TeX e.V.}",
  HOWPUBLISHED 	= "\url{http://www.dante.de}",
  YEAR		= 2010,
  MONTH		= jan
}


%%%%%%%%%%%%%%%%%%%%%%%%%%%%%%%%%%%%%%%%%%%%%%%%%%%%%%%%%%%%%%%%%%%%%%%%%%%%%%%
@online{react-why,
	author = {Walke, Jordan},
	title = {Why React?},
	year = {2011},
	url = {https://legacy.reactjs.org/blog/2013/06/05/why-react.html},
	urldate = {4. Februar 2023}
}
@online{react-docs,
	author = {Facebook},
	title = {Getting Started | React},
	year = {2021},
	url = {https://reactjs.org/docs/getting-started.html},
	urldate = {2022-11-08}
}

@online{makeuseof,
	author = {Dave LeClair},
	title = {7 Reasons Why You Should Learn React (And 3 Reasons Why You Shouldn't)},
	year = {2021},
	url = {https://www.makeuseof.com/react-learn-reasons-why/},
	urldate = {2022-11-08}
}

@online{stackoverflow-survey,
	author = {Stack Overflow},
	title = {Stack Overflow Developer Survey 2021},
	year = {2021},
	url = {https://insights.stackoverflow.com/survey/2021#technology-most-popular-technologies-web-frameworks},
	urldate = {2022-11-08}
}
@article{goswami2020,
	title={A review on Internet of Things (IoT)},
	author={Rashid, Mohammad and Riaz, Naeem and Abro, Ali Hassan and Abro, Asadullah},
	journal={International Journal of Recent Research Aspects},
	volume={5},
	number={1},
	pages={1732--1737},
	year={2018}
}

@misc{reactinternals,
	title={React FAQ - Internals},
	author={Facebook},
	howpublished={\url{https://legacy.reactjs.org/docs/faq-internals.html}},
	year={2021},
	note={Accessed: April 4, 2023}
}

@book{banks2016,
	title={Learning React: A Hands-On Guide to Building Web Applications Using React and Redux},
	author={Banks, Kirupa},
	year={2017},
	publisher={Addison-Wesley Professional},
	url={https://books.google.de/books?id=-dzJDAAAQBAJ}
}

@online{easeout-blog,
	author = {Easeout},
	title = {React Components and Props},
	year = {2021},
	url = {https://www.easeout.co/blog/2021-02-15-react-components-props/},
	urldate = {2023-04-04}
}
@book{react-book,
	author = {Masi, Muhammad and Shafei, Moeen},
	title = {Advanced Web Development with React},
	year = {2021},
	publisher = {Packt Publishing},
	url = {https://www.google.de/books/edition/Advanced_Web_Development_with_React/0bpIEAAAQBAJ?hl=de&gbpv=1&dq=React+Components+and+Props&pg=PT51&printsec=frontcover},
}

@online{state-docs,
	author = {React},
	title = {State and Lifecycle},
	year = {2021},
	url = {https://legacy.reactjs.org/docs/state-and-lifecycle.html},
	urldate = {2023-04-04}
}
@online{w3schools,
	author = {W3Schools},
	title = {React State},
	year = {2021},
	url = {https://www.w3schools.com/react/react_state.asp},
	urldate = {2023-04-04}
}

@online{ReactDocsSetup,
	author = {Facebook},
	title = {React Documentation},
	url = {https://reactjs.org/docs/getting-started.html},
	year = {2021},
	urldate = {2022-04-04}
}
@online{ReactEvents,
	author = {Facebook},
	title = {React Documentation: Handling Events},
	url = {https://reactjs.org/docs/handling-events.html},
	year = {2021},
	urldate = {2022-04-04}
}
@online{ReactJSX,
	author = {Facebook},
	title = {React Documentation: Introducing JSX},
	url = {https://reactjs.org/docs/introducing-jsx.html},
	year = {2021},
	urldate = {2022-04-04}
}

@online{reduxgettingstarted,
	author = {Redux},
	title = {Getting Started},
	url = {https://redux.js.org/introduction/getting-started},
	year = {2021},
	urldate = {2022-04-04}
}

@online{reactcontext,
	author = {Facebook},
	title = {React Documentation: Context},
	url = {https://reactjs.org/docs/context.html},
	year = {2021},
	urldate = {2022-04-04}
}

@online{reactrouteroverview,
	author = {React Router},
	title = {Overview},
	url = {https://reactrouter.com/en/main/start/overview},
	year = {2021},
	urldate = {2022-04-04}
}

@online{reactroutertutorial,
	author = {React Router},
	title = {Tutorial},
	url = {https://reactrouter.com/en/main/start/tutorial},
	year = {2021},
	urldate = {2022-04-04}
}@online{reacthooksintro,
author = {React},
title = {Introducing Hooks},
url = {https://legacy.reactjs.org/docs/hooks-intro.html},
year = {2021},
urldate = {2022-04-04}
}

@online{w3schoolsHooks,
author = {w3schools},
title = {React Hooks},
url = {https://www.w3schools.com/react/react_hooks.asp},
year = {2021},
urldate = {2022-04-04}
}

@online{reactssr1,
author = {Codecentric Blog},
title = {Tutorial: Serverseitiges Rendering mit React - Teil 1: Einführung},
url = {https://blog.codecentric.de/tutorial-serverseitiges-rendering-mit-react-teil-1-einfuehrung},
year = {2019},
urldate = {2022-04-04}
}

@online{reactssr2,
author = {TutorialsPoint},
title = {A Guide to Server Side Rendering in React},
url = {https://www.tutorialspoint.com/a-guide-to-server-side-rendering-in-react#:~:text=Server%2Dside%20rendering%20in%20React%2C%20in%20a%20nutshell%2C%20is,served%20as%20static%20HTML%20markup.},
year = {2021},
urldate = {2022-04-04}
}
@online{dhiwise,
	author = {Dhiwise},
	title = {React Best Practices for Scalable Web Application Development},
	url = {https://www.dhiwise.com/post/react-best-practices-for-scalable-web-application-development},
	year = {2021},
	urldate = {2022-04-04}
}

@online{reactcomponentlibrary,
	author = {Alex Eagleson},
	title = {How to create and publish a React component library},
	url = {https://dev.to/alexeagleson/how-to-create-and-publish-a-react-component-library-2oe},
	year = {2020},
	urldate = {2022-04-04}
}

@online{reacttesting,
	author = {React},
	title = {Testing Overview},
	url = {https://legacy.reactjs.org/docs/testing.html#:~:text=There%20are%20a%20few%20ways,to%2Dend%E2%80%9D%20tests).},
	year = {2021},
	urldate = {2022-04-04}
}

@online{reacthookstesting,
	author = {FreeCodeCamp},
	title = {How to Test React Hooks},
	url = {https://www.freecodecamp.org/news/testing-react-hooks/},
	year = {2021},
	urldate = {2022-04-04}
}

@misc{ReactOpt,
	title={Optimizing Performance},
	author={Facebook},
	year={2021},
	howpublished={\url{https://de.reactjs.org/docs/optimizing-performance.html}},
	note={Accessed: 04/04/2023}
}

@article{LogRocket,
	title={Optimizing performance in React apps},
	author={Garcia, Brian},
	journal={LogRocket Blog},
	year={2020},
	howpublished={\url{https://blog.logrocket.com/optimizing-performance-react-app/}},
	note={Accessed: 04/04/2023}
}

@online{ReactSecurity,
	title={React Security Best Practices},
	author={React Security},
	year={2023},
	url={https://reactsecurity.io/},
	urldate={2023-04-04}
}

@online{FreeCodeCamp,
	title={Best Practices for Security of Your React JS Application},
	author={FreeCodeCamp},
	year={2022},
	url={https://www.freecodecamp.org/news/best-practices-for-security-of-your-react-js-application/},
	urldate={2023-04-04}
}
@online{Hosttest,
	author = {Hosttest},
	title = {Angular vs. React vs. Vue.js: Was ist das beste Framework?},
	url = {https://www.hosttest.de/artikel/angular-vs-react-vs-vue-js-was-ist-das-beste-framework},
	year = {2021},
	note = {Zugriff: 01.04.2023}
}

@online{Kruschecompany,
	author = {Kruschecompany},
	title = {Angular, Vue, jQuery, React oder Ember?},
	url = {https://kruschecompany.com/de/angular-vue-jquery-react-oder-ember/},
	year = {2018},
	note = {Zugriff: 01.04.2023}
}

@online{LeanOcean,
	author = {Lean Ocean},
	title = {React Native - Die Zukunft der App-Entwicklung},
	url = {https://lean-ocean.com/lp-react-native-die-zukunft-der-app-entwicklung/},
	year = {2019},
	note = {Zugriff: 01.04.2023}
}

